<collection xmlns="http://www.loc.gov/MARC21/slim"><record><leader>00567nam  2200169   450</leader><controlfield tag="001">708</controlfield><controlfield tag="003">http://montalegre.opacnet.com/OPAC/default.aspx?ContentAreaControl=ShowRegHoldings.ascx&amp;RegNo=16662</controlfield><datafield tag="100" ind1=" " ind2=" "><subfield code="a">20020801d1969    m  y0pory010305  ba</subfield></datafield><datafield tag="101" ind1="0" ind2=" "><subfield code="a">por</subfield></datafield><datafield tag="102" ind1=" " ind2=" "><subfield code="a">PT</subfield></datafield><datafield tag="200" ind1="1" ind2=" "><subfield code="a">&lt;O &gt;auto dos quatro meninos</subfield><subfield code="f">Patrícia Joyce</subfield></datafield><datafield tag="210" ind1=" " ind2=" "><subfield code="a">Lisboa</subfield><subfield code="c">Sociedade de Expansão Cultural</subfield><subfield code="d">1969</subfield></datafield><datafield tag="215" ind1=" " ind2=" "><subfield code="a">40, 1 p.</subfield><subfield code="c">il.</subfield><subfield code="d">23 cm</subfield></datafield><datafield tag="300" ind1=" " ind2=" "><subfield code="a">Joyce (Patricia), pseud. de Dagmar Joyce Damas Mora</subfield></datafield><datafield tag="300" ind1=" " ind2=" "><subfield code="a">Tiragem 2000 ex.</subfield></datafield><datafield tag="700" ind1=" " ind2="1"><subfield code="a">Joyce</subfield><subfield code="b">Patrícia</subfield><subfield code="c">pseud</subfield></datafield><datafield tag="801" ind1=" " ind2="0"><subfield code="a">PT</subfield><subfield code="b">Biblioteca Municipal de Montalegre</subfield><subfield code="g">RPC</subfield></datafield><datafield tag="909" ind1="&#9;" ind2=" "><subfield code="a">1</subfield></datafield><datafield tag="966" ind1=" " ind2=" "><subfield code="a">0002735</subfield><subfield code="l">BMM</subfield><subfield code="s">SI 82-2 JOY aut</subfield></datafield></record></collection>